@Book{abramowitz+stegun,
  author =       "Milton Abramowitz and Irene A. Stegun",
  title =        "Handbook of Mathematical Functions with
                  Formulas, Graphs, and Mathematical Tables",
  publisher =    "Dover",
  year =         1964,
  address =      "New York",
  edition =      "ninth Dover printing, tenth GPO printing",
  isbn =         "0-486-61272-4"
}

@misc{Wikipedia:inode,
Howpublished={\url{http://en.wikipedia.org/wiki/Inode}},
Title={Wikipedia - inode}
}
@misc{Wikipedia:htable,
Howpublished={\url{http://en.wikipedia.org/wiki/Hash_table}},
Title={Wikipedia - Hash table}
}