@Book{abramowitz+stegun,
  author =       "Milton Abramowitz and Irene A. Stegun",
  title =        "Handbook of Mathematical Functions with
                  Formulas, Graphs, and Mathematical Tables",
  publisher =    "Dover",
  year =         1964,
  address =      "New York",
  edition =      "ninth Dover printing, tenth GPO printing",
  isbn =         "0-486-61272-4"
}

@misc{Wikipedia:inode,
  howpublished = {\url{http://en.wikipedia.org/wiki/Inode}},
  title = {Wikipedia - inode}
}
@misc{Wikipedia:htable,
  howpublished = {\url{http://en.wikipedia.org/wiki/Hash_table}},
  title = {Wikipedia - Hash table}
}

@misc{Burelle:malloc,
    Howpublished={\url{http://www.inf.udec.cl/~leo/Malloc_tutorial.pdf}},
    author = "Marwan Burelle",
    Title={A Malloc Tutorial}
}
